@book{gauss-procss,
    AUTHOR="Rasmussen, C.E. and Williams, C.K.I.",
    TITLE="{Gaussian Processes for Machine Learning}",
    PUBLISHER="The MIT Press",
    YEAR="2006",
    url={http://www.gaussianprocess.org/gpml/}
}
@ARTICLE{ligo-1994,
   author = {{Cutler}, C. and {Flanagan}, {\'E}.~E.},
    title = "{Gravitational waves from merging compact binaries: How accurately can one extract the binary's parameters from the inspiral waveform?}",
  journal = {\prd},
archivePrefix = "arXiv",
   eprint = {gr-qc/9402014},
primaryClass = "gr-qc",
 keywords = {Gravitational wave detectors and experiments, Wave generation and sources, Neutron stars, Astrometric and interferometric binaries},
     year = 1994,
    month = mar,
   volume = 49,
    pages = {2658-2697},
      doi = {10.1103/PhysRevD.49.2658},
   adsurl = {http://adsabs.harvard.edu/abs/1994PhRvD..49.2658C},
  adsnote = {Provided by the SAO/NASA Astrophysics Data System}
}
@ARTICLE{ligo-1992,
   author = {{Finn}, L.~S.},
    title = "{Detection, measurement, and gravitational radiation}",
  journal = {\prd},
archivePrefix = "arXiv",
   eprint = {gr-qc/9209010},
  primaryClass = "gr-qc",
 keywords = {Measurement and error theory, Black holes},
     year = 1992,
    month = dec,
   volume = 46,
    pages = {5236-5249},
      doi = {10.1103/PhysRevD.46.5236},
   adsurl = {http://adsabs.harvard.edu/abs/1992PhRvD..46.5236F},
  adsnote = {Provided by the SAO/NASA Astrophysics Data System}
}
@ARTICLE{ligo-1999,
   author = {{Owen}, B.~J. and {Sathyaprakash}, B.~S.},
    title = "{Matched filtering of gravitational waves from inspiraling compact binaries: Computational cost and template placement}",
  journal = {\prd},
archivePrefix = "arXiv",
   eprint = {gr-qc/9808076},
  primaryClass = "gr-qc",
 keywords = {Gravitational wave detectors and experiments, Data analysis: algorithms and implementation, data management, Binary and multiple stars},
     year = 1999,
    month = jul,
   volume = 60,
   number = 2,
      eid = {022002},
    pages = {022002},
      doi = {10.1103/PhysRevD.60.022002},
   adsurl = {http://adsabs.harvard.edu/abs/1999PhRvD..60b2002O},
  adsnote = {Provided by the SAO/NASA Astrophysics Data System}
}
@ARTICLE{ligo-critic,
   author = {{Raman}, A.},
    title = "{On the Signal Processing Operations in LIGO signals}",
  journal = {ArXiv e-prints},
archivePrefix = "arXiv",
   eprint = {1711.07421},
 keywords = {Electrical Engineering and Systems Science - Signal Processing, Astrophysics - Instrumentation and Methods for Astrophysics},
     year = 2017,
    month = nov,
   adsurl = {http://adsabs.harvard.edu/abs/2017arXiv171107421R},
  adsnote = {Provided by the SAO/NASA Astrophysics Data System}
}
@ARTICLE{ligo-first-results,
   author = {{Abbott}, B.~P. and {Abbott}, R. and {Abbott}, T.~D. and {Abernathy}, M.~R. and 
	{Acernese}, F. and {Ackley}, K. and {Adams}, C. and {Adams}, T. and 
	{Addesso}, P. and {Adhikari}, R.~X. and et al.},
    title = "{GW150914: First results from the search for binary black hole coalescence with Advanced LIGO}",
  journal = {\prd},
archivePrefix = "arXiv",
   eprint = {1602.03839},
 primaryClass = "gr-qc",
     year = 2016,
    month = jun,
   volume = 93,
   number = 12,
      eid = {122003},
    pages = {122003},
      doi = {10.1103/PhysRevD.93.122003},
   adsurl = {http://adsabs.harvard.edu/abs/2016PhRvD..93l2003A},
  adsnote = {Provided by the SAO/NASA Astrophysics Data System}
}
@ARTICLE{ligo-algorithm,
   author = {{Allen}, B. and {Anderson}, W.~G. and {Brady}, P.~R. and {Brown}, D.~A. and 
	{Creighton}, J.~D.~E.},
    title = "{FINDCHIRP: An algorithm for detection of gravitational waves from inspiraling compact binaries}",
  journal = {\prd},
archivePrefix = "arXiv",
   eprint = {gr-qc/0509116},
 primaryClass = "gr-qc",
 keywords = {Measurement and error theory, Gravitational wave detectors and experiments},
     year = 2012,
    month = jun,
   volume = 85,
   number = 12,
      eid = {122006},
    pages = {122006},
      doi = {10.1103/PhysRevD.85.122006},
   adsurl = {http://adsabs.harvard.edu/abs/2012PhRvD..85l2006A},
  adsnote = {Provided by the SAO/NASA Astrophysics Data System}
}
@ARTICLE{ligo-gauss-case,
   author = {{Jaranowski}, P. and {Kr{\'o}lak}, A.},
    title = "{Gravitational-Wave Data Analysis. Formalism and Sample Applications: The Gaussian Case}",
  journal = {ArXiv e-prints},
archivePrefix = "arXiv",
   eprint = {0711.1115},
 primaryClass = "gr-qc",
 keywords = {General Relativity and Quantum Cosmology},
     year = 2007,
    month = nov,
   adsurl = {http://adsabs.harvard.edu/abs/2007arXiv0711.1115J},
  adsnote = {Provided by the SAO/NASA Astrophysics Data System}
}
@MISC{mit-course-sigSysAndInfer,
    title = "{Course Notes: Signals, Systems and Inference}",
   author = {{Oppenheim}, A. and {Verghese}, G.},
     year = {Spring 2010},
publisher = {MIT OpenCourseWare},
      url = {https://ocw.mit.edu/courses/electrical-engineering-and-computer-science/6-011-introduction-to-communication-control-and-signal-processing-spring-2010/readings/}
}
@article{koen-nyqFreq,
   author = {Koen, Chris},
    title = {The Nyquist frequency for irregularly spaced time-series: a calculation formula},
  journal = {Monthly Notices of the Royal Astronomical Society},
   volume = {371},
   number = {3},
    pages = {1390-1394},
     year = {2006},
      doi = {10.1111/j.1365-2966.2006.10762.x},
      URL = {http://dx.doi.org/10.1111/j.1365-2966.2006.10762.x},
}
@ARTICLE{vanderplas-lombScargle,
   author = {{VanderPlas}, J.~T.},
    title = "{Understanding the Lomb-Scargle Periodogram}",
  journal = {ApJS},
archivePrefix = "arXiv",
   eprint = {1703.09824},
 primaryClass = "astro-ph.IM",
 keywords = {methods: data analysis, methods: statistical },
     year = 2018,
    month = may,
   volume = 236,
      eid = {16},
    pages = {16},
      doi = {10.3847/1538-4365/aab766},
   adsurl = {http://adsabs.harvard.edu/abs/2018ApJS..236...16V},
  adsnote = {Provided by the SAO/NASA Astrophysics Data System}
}




